4660ad4761a527564601eb49f42c70e6