@Article{Wood2016VicTariffReform,
  author       = {Tony Wood},
  title        = {Victoria goes slow on electricity tariff reform},
  date         = {2016-02-04},
  journal      = {Australian Financial Review},
  url          = {https://grattan.edu.au/news/victoria-goes-slow-on-electricity-tariff-reform/},
}

@Article{Wood-2016-AFR-Hazelwood-closure-adds-urgency-to-climate-policy,
  author       = {Tony Wood},
  journal      = {Australian Financial Review},
  title        = {Hazelwood closure adds urgency to an investable climate policy},
  date         = {2016-11-03},
  url          = {http://www.afr.com/business/energy/electricity/hazelwood-closure-adds-urgency-to-an-investable-climate-policy-20161102-gsg4eu},
}
@Article{Wood2017FourIssuesForFinkel,
  author       = {Tony Wood},
  title        = {A four-step circuit-breaker for the energy row},
  date         = {2017-02-14},
  journal      = {Australian Financial Review},
  url          = {http://www.afr.com/opinion/columnists/a-fourstep-circuitbreaker-for-the-energy-row-20170214-guchil},
}

@Article{WoodBlowers-2016-theConvo-Emissions-trading-electricity-sensible-way-forward,
  author       = {Tony Wood and David Blowers},
  title        = {Emissions trading for electricity is the sensible way forward},
  journal      = {The Conversation},
  date         = {2016-12-09},
  url          = {http://theconversation.com/emissions-trading-for-electricity-is-the-sensible-way-forward-70137},
}

@TechReport{WoodBlowers-2015-Fair-pricing-for-WA,
  author       = {Tony Wood and David Blowers and Cameron Chisholm},
  title        = {Fair pricing for Western Australia's electricity},
  date         = {2015-11-23},
  institution  = {Grattan Institute},
  number       = {Report No. 2015-10},
  url          = {https://grattan.edu.au/report/fair-pricing-for-western-australias-electricity/},
}

@TechReport{WoodBlowers-2014-Gas-at-the-crossroads,
  author       = {Tony Wood and David Blowers and Cameron Chisholm and James Button},
  title        = {Gas at the crossroads: Australia's hard choice},
  date         = {2014-10-19},
  institution  = {Grattan Institute},
  number       = {Report No. 2014-12},
  url          = {https://grattan.edu.au/report/gas-at-the-crossroads-australias-hard-choice/},
}

@TechReport{WoodBlowers-2015-Sundown-sunrise,
  author       = {Tony Wood and David Blowers and Cameron Chisholm and James Button and Jessica Stone},
  title        = {Sundown, sunrise: how Australia can finally get solar power right},
  date         = {2015-05-24},
  institution  = {Grattan Institute},
  number       = {Report No. 2015-2},
  url          = {https://grattan.edu.au/report/sundown-sunrise-how-australia-can-finally-get-solar-power-right/},
}

@TechReport{WoodBlowers-2016-Post-paris,
  author       = {Tony Wood and David Blowers and Greg Moran},
  title        = {Post Paris: Australia's climate policy options},
  shorttitle   = {Post Paris},
  date         = {2015-12-15},
  institution  = {Grattan Institute},
  number       = {Working Paper No. 2015-13},
  url          = {https://grattan.edu.au/report/post-paris-australias-climate-policy-options/},
}

@TechReport{WoodBlowers-2016-Keeping-the-lights-on-SA,
  author       = {Tony Wood and David Blowers and Greg Moran},
  title        = {Keeping the lights on: lessons from South Australia's power shock},
  date         = {2016-09-25},
  institution  = {Grattan Institute},
  number       = {Report No. 2016-12},
  url          = {https://grattan.edu.au/report/keeping-the-lights-on-lessons-from-south-australias-power-shock/},
}

@TechReport{WoodBlowers-2015-Post-Paris,
  author       = {Tony Wood and David Blowers and Greg Moran and Cameron Chisholm and Thornton McCamish},
  title        = {Climate phoenix: a sustainable Australian climate policy},
  date         = {2015-12-15},
  institution  = {Grattan Institute},
  number       = {Working Paper No. 2015-13},
  url          = {https://grattan.edu.au/report/post-paris-australias-climate-policy-options/},
}

@TechReport{WoodBlowers-2016-Climate-phoenix,
  author       = {Tony Wood and David Blowers and Greg Moran and Thornton McCamish},
  title        = {Climate phoenix: a sustainable Australian climate policy},
  date         = {2016-04-10},
  institution  = {Grattan Institute},
  number       = {Report No. 2016-6},
  url          = {https://grattan.edu.au/report/climate-phoenix-a-sustainable-australian-climate-policy/},
}

@TechReport{WoodCarter-2016-Shock-to-the-system,
  author       = {Tony Wood and Lucy Carter and Cameron Harrison and James Button},
  title        = {Shock to the system: dealing with the falling electricity demand},
  date         = {2013-12-10},
  institution  = {Grattan Institute},
  number       = {Report No. 2013-15},
  url          = {https://grattan.edu.au/report/shock-to-the-system-dealing-with-falling-electricity-demand/},
}

@TechReport{WoodCarter-Fair-pricing-for-power,
  author       = {Tony Wood and Lucy Carter and Cameron Harrison and James Button},
  title        = {Fair pricing for power},
  date         = {2014-07-06},
  institution  = {Grattan Institute},
  number       = {Report No. 2014-8},
  url          = {https://grattan.edu.au/report/fair-pricing-for-power/},
}

@TechReport{WoodCarter-2016-Getting-gas-right,
  author       = {Tony Wood and Lucy Carter and Daniel Mullerworth and James Button},
  title        = {Getting gas right: Australia's energy challenge},
  date         = {2013-06-16},
  institution  = {Grattan Institute},
  number       = {Report No. 2013-6},
  url          = {https://grattan.edu.au/report/getting-gas-right-australias-energy-challenge/},
}
@TechReport{WoodEdis-2011-New-protectionism,
  author       = {Tony Wood and Tristan Edis},
  title        = {New protectionism under carbon pricing: case studies of LNG, coal mining and steel sectors},
  year         = {2011},
  institution  = {Grattan Institute},
  number       = {Report No. 2011-6},
  url          = {https://grattan.edu.au/report/new-protectionism-under-carbon-pricing/},
}

@TechReport{WoodHunterOTooleEtAl2012,
  author       = {Tony Wood and Amélie Hunter and Michael O'Toole and Prasana Venkataraman and Lucy Carter},
  title        = {Putting the customer back in front: How to make electricity cheaper},
  date         = {2012-12-02},
  institution  = {Grattan Institute},
  number       = {Report No. 2012-09},
  url          = {https://grattan.edu.au/report/putting-the-customer-back-in-front-how-to-make-electricity-prices-cheaper/},
}

@TechReport{WoodEdis-2012-No-easy-choices,
  author       = {Tony Wood and Amélie Hunter and Prasanna Venkataraman and Michael O'Toole and Lucy Carter},
  title        = {No easy choices: which way to Australia's energy future},
  date         = {2012-02-06},
  institution  = {Grattan Institute},
  number       = {Report No. 2012-2},
  url          = {https://grattan.edu.au/report/no-easy-choices-which-way-to-australias-energy-future/},
}

@TechReport{WoodMullerworth2012,
  author       = {Tony Wood and Daniel Mullerworth},
  title        = {Building the bridge: a practical plan for a low-cost, low-emissions energy future},
  year         = {2012},
  institution  = {Grattan Institute},
  number       = {Report No. 2012-6},
  url          = {https://grattan.edu.au/report/building-the-bridge-a-practical-plan-for-a-low-cost-low-emissions-energy-future/},
}

@TechReport{AEMC2010ExtremeWeatherReview,
  author       = {AEMC},
  title        = {Review of the Effectiveness of NEM Security and Reliability Arrangements in light of Extreme Weather Events},
  year         = {2010},
  institution  = {Australian Energy Market Commission},
  url          = {http://www.aemc.gov.au/Markets-Reviews-Advice/Review-of-the-Effectiveness-of-NEM-Security-and-Re},
}

@TechReport{AEMC2012PowerOfChoice,
  author       = {AEMC},
  title        = {Power of choice review -- giving consumers options in the way they use electricity},
  year         = {2012},
  institution  = {Australian Energy Market Commission},
  url          = {http://www.aemc.gov.au/Media/docs/Final-report-1b158644-c634-48bf-bb3a-e3f204beda30-0.pdf},
}

@misc{AEMC2013,
  author      = {AEMC},
  title       = {2013 Residential Electricity Price Trends},
  year        = {2013},
  note        = {13 December},
  url         = {http://www.aemc.gov.au/markets-reviews-advice/retail-electricity-price-trends-2013},
}


@misc{AEMC2014,
  author      = {AEMC},
  title       = {2014 Residential Electricity Price Trends},
  year        = {2014},
  note        = {11 December},
  url         = {http://www.aemc.gov.au/Markets-Reviews-Advice/2014-Residential-Electricity-Price-Trends},
}

@TechReport{AEMC2014NetworkTariffReform,
  author       = {AEMC},
  title        = {Rule Determination: National Electricity Amendment (Distribution Network Pricing Arrangements) Rule 2014},
  year         = {2014},
  institution  = {Australian Energy Market Commission},
  url          = {http://www.aemc.gov.au/Rule-Changes/Distribution-Network-Pricing-Arrangements/Final/AEMC-Documents/Final-determination.aspx},
}

@TechReport{AEMC2016PriceTrends,
  author       = {AEMC},
  title        = {2016 Residential Electricity Price Trends},
  year         = {2016},
  institution  = {Australian Energy Market Commission},
  note         = {Data current as at 14 December 2016},
  url          = {http://www.aemc.gov.au/Markets-Reviews-Advice/2016-Residential-Electricity-Price-Trends#},
}

@TechReport{AEMC2017PriceTrends,
  author       = {AEMC},
  title        = {2017 Residential Electricity Price Trends},
  year         = {2017},
  institution  = {Australian Energy Market Commission},
  note         = {Data current as at December 2017},
  url          = {https://www.aemc.gov.au/markets-reviews-advice/2017-residential-electricity-price-trends},
}


@TechReport{AEMC2016AnnualMarketPerformance2015,
  author       = {AEMC},
  title        = {Annual market performance review 2015, published September 2016},
  year         = {2016},
  institution  = {Australian Energy Market Commission},
  url          = {http://www.aemc.gov.au/Markets-Reviews-Advice/Annual-Market-Performance-Review-2015},
}

@TechReport{AEMC2016FiveMinuteSettlement,
  author       = {AEMC},
  title        = {Consultation Paper -- National Electricity Amendment (Five Minute Settlement) Rule 2016},
  year         = {2016},
  institution  = {Australian Energy Market Commission},
  url          = {http://www.aemc.gov.au/getattachment/967daf48-28db-454b-841b-6e3397b3a0aa/Consultation-Paper.aspx},
}

@TechReport{AEMC2016RERText,
  author       = {AEMC},
  title        = {Extension of the Reliability and Emergency Reserve Trader - Final Determination},
  year         = {2016},
  institution  = {Australian Energy Market Commission},
  url          = {http://www.aemc.gov.au/Rule-Changes/Extension-of-the-Reliability-and-Emergency-Reserve},
}

@TechReport{AEMC2016DemandResponseRule,
  author       = {AEMC},
  title        = {National Electricity Amendment (Demand Response Mechanism and Ancillary Services Unbundling) Rule 2016},
  year         = {2016},
  institution  = {Australian Energy Market Commission},
  url          = {http://www.aemc.gov.au/getattachment/68cb8114-113d-4d96-91dc-5cb4b0f9e0ae/Final-determination.aspx},
}

@TechReport{AEMC2016SSMFRInterim,
  author       = {AEMC},
  title        = {System Security Market Frameworks Review, Interim Report, December 2016},
  year         = {2016},
  institution  = {Australian Energy Market Commission},
  url          = {http://www.aemc.gov.au/Markets-Reviews-Advice/System-Security-Market-Frameworks-Review},
}

@TechReport{AEMC2017StrategicPrioritiesApproach,
  author       = {AEMC},
  title        = {2017 Energy sector strategic priorities review, Approach Paper, 19 April 2017},
  year         = {2017},
  institution  = {Australian Energy Market Commission},
  url          = {http://www.aemc.gov.au/getattachment/049d6d6e-17dc-49f5-b1ee-61ada5e2718d/Terms-of-reference.aspx},
}

@TechReport{AEMC2017FiveMinDirectionsPaper,
  author       = {AEMC},
  title        = {Directions Paper: Five Minute Settlement, 11 April 2017},
  year         = {2017},
  institution  = {Australian Energy Market Commission},
  url          = {http://www.aemc.gov.au/getattachment/fa4b80a5-e212-48a0-98dc-7478a370ab72/Directions-paper.aspx},
}


@TechReport{AEMC2017EmergencyFCASRule,
  author       = {AEMC},
  title        = {Emergency frequency control schemes, 6 April 2017},
  year         = {2017},
  institution  = {Australian Energy Market Commission},
  url          = {http://www.aemc.gov.au/Rule-Changes/Emergency-frequency-control-schemes-for-excess-gen#},
}

@TechReport{AEMC2017FinkelSubmission,
  author       = {AEMC},
  title        = {Submission to the Independent Review into the Future Security of the National Electricity Market},
  year         = {2017},
  institution  = {Australian Energy Market Commission},
  url          = {http://www.environment.gov.au/energy/national-electricity-market-review/submissions},
}

@TechReport{AEMO2010ESOO,
  author       = {AEMO},
  title        = {Electricity Statement of Opportunities 2010},
  year         = {2010},
  institution  = {Australian Energy Market Operator},
  url          = {https://www.aemo.com.au/Datasource/Archives/Archive1334},
}

@TechReport{AEMO2011ESOO,
  author       = {AEMO},
  title        = {Electricity Statement of Opportunities 2011},
  year         = {2011},
  institution  = {Australian Energy Market Operator},
  url          = {https://www.aemo.com.au/Datasource/Archives/Archive1350},
}

@TechReport{AEMO2012ESOO,
  author       = {AEMO},
  title        = {Electricity Statement of Opportunities 2012},
  year         = {2012},
  institution  = {Australian Energy Market Operator},
  url          = {https://www.aemo.com.au/Datasource/Archives/Archive1849},
}

@TechReport{AEMO2013EAAPJune,
  author       = {AEMO},
  title        = {Energy Adequacy Assessment Projection -- June 2013},
  year         = {2013},
  institution  = {Australian Energy Market Operator},
  url          = {https://www.aemo.com.au/Electricity/National-Electricity-Market-NEM/Planning-and-forecasting/Energy-Adequacy-Assessment-Projection},
}

@TechReport{AEMO2013EAAPSep,
  author       = {AEMO},
  title        = {Energy Adequacy Assessment Projection -- September 2013},
  year         = {2013},
  institution  = {Australian Energy Market Operator},
  url          = {https://www.aemo.com.au/Electricity/National-Electricity-Market-NEM/Planning-and-forecasting/Energy-Adequacy-Assessment-Projection},
}


@TechReport{AEMO2015GuideAncillary,
  author       = {AEMO},
  title        = {Guide to Ancillary Services in the National Electricity Market, April 2015},
  year         = {2015},
  institution  = {Australian Energy Market Operator},
  url          = {https://www.aemo.com.au/-/media/Files/PDF/Guide-to-Ancillary-Services-in-the-National-Electricity-Market.ashx},
}

@TechReport{AEMO2015HeywoodTrip,
  author       = {AEMO},
  title        = {NEM -- Market Event Report -- High FCAS Prices in South Australia},
  year         = {2015},
  institution  = {Australian Energy Market Operator},
  note         = {published December 2015},
  url          = {https://www.aemo.com.au/-/media/Files/PDF/NEM--Market-Event-Report--High-FCAS-Price-in-SA--October-and-November-2015.pdf},
}

@TechReport{AEMO2015ReliabilityGivenIntermittency,
  author       = {AEMO},
  title        = {Report to COAG Energy Council on Security and Reliability in the Context of Changing Generation Mix -- September 2015},
  year         = {2015},
  institution  = {Australian Energy Market Operator},
  url          = {http://www.coagenergycouncil.gov.au/publications/reducing-investment-uncertainty-national-electricity-market},
}

@TechReport{AEMO2016BlackoutThird,
  author       = {AEMO},
  title        = {Black System South Australia 28 September 2016, Third Preliminary Report, December},
  year         = {2016},
  institution  = {Australian Energy Market Operator},
  url          = {https://www.aemo.com.au/Electricity/National-Electricity-Market-NEM/Security-and-reliability/FPSSP-Reports-and-Analysis},
}

@TechReport{AEMO2016CO2EII,
  author       = {AEMO},
  title        = {Carbon Dioxide Equivalent Intensity Index -- Summary Results -- Historical},
  year         = {2016},
  institution  = {Australian Energy Market Operator},
  url          = {https://www.aemo.com.au/Electricity/National-Electricity-Market-NEM/Settlements-and-payments/Settlements/Carbon-Dioxide-Equivalent-Intensity-Index},
}

@TechReport{AEMO2016ESOO,
  author       = {AEMO},
  title        = {Electricity Statement of Opportunities 2016},
  year         = {2016},
  institution  = {Australian Energy Market Operator},
  url          = {https://www.aemo.com.au/Electricity/National-Electricity-Market-NEM/Planning-and-forecasting/NEM-Electricity-Statement-of-Opportunities},
}

@TechReport{AEMO2016EAAPNov,
  author       = {AEMO},
  title        = {Energy Adequacy Assessment Projection -- November 2016},
  year         = {2016},
  institution  = {Australian Energy Market Operator},
  url          = {https://www.aemo.com.au/Electricity/National-Electricity-Market-NEM/Planning-and-forecasting/Energy-Adequacy-Assessment-Projection},
}

@TechReport{AEMO2016SystemStrengthFactsheet,
  author       = {AEMO},
  title        = {Fact Sheet: System Strength},
  year         = {2016},
  institution  = {Australian Energy Market Operator},
  url          = {https://www.aemo.com.au/-/media/Files/Electricity/NEM/Security_and_Reliability/Reports/AEMO-Fact-Sheet-System-Strength-Final-20.pdf},
}

@TechReport{AEMO2016FPSSProgress,
  author       = {AEMO},
  title        = {Future Power System Security program, August 2016 progress report},
  year         = {2016},
  institution  = {Australian Energy Market Operator},
  url          = {https://www.aemo.com.au/Electricity/National-Electricity-Market-NEM/Security-and-reliability/FPSSP-Reports-and-Analysis},
}

@TechReport{AEMO2016PeakDemand,
  author       = {AEMO},
  title        = {National Electricity Forecasting Report, published June 2016},
  year         = {2016},
  institution  = {Australian Energy Market Operator},
  url          = {http://www.aemo.com.au/Electricity/National-Electricity-Market-NEM/Planning-and-forecasting/-/media/080A47DA86C04BE0AF93812A548F722E.ashx},
}

@TechReport{AEMO2016TransmissionPlanning,
  author       = {AEMO},
  title        = {National Transmission Network Development Plan, December 2016},
  year         = {2016},
  institution  = {Australian Energy Market Operator},
  url          = {https://www.aemo.com.au/Media-Centre/New-Era-For-Transmission-Planning-In-National-Electricity-Market},
}

@TechReport{AEMO2016SystemStrengthSA,
  author       = {AEMO},
  title        = {Secure Operation of South Australia},
  year         = {2016},
  institution  = {Australian Energy Market Operator},
  url          = {https://www.aemo.com.au/-/media/Files/Media_Centre/2016/SA-System-Strength.pdf},
}


@TechReport{AEMO2016BlackoutUpdate,
  author       = {AEMO},
  title        = {Update Report - Black System Event in South Australia on 28 September 2016, published 19 October 2016},
  year         = {2016},
  institution  = {Australian Energy Market Operator},
  url          = {https://www.aemo.com.au/-/media/Files/Media_Centre/2016/AEMO_19-October-2016_SA-UPDATE-REPORT.pdf},
}

@Article{AEMO2016Basslink,
  author       = {AEMO},
  title        = {Media Statement -- Basslink Interconnector (Update)},
  date         = {2016-01-14},
  journal      = {Australian Energy Market Operator},
  url          = {https://www.aemo.com.au/Media-Centre/AEMO-statement-Basslink-Interconnector-update},
}

@Article{AEMO2016AlcoaBlackout,
  author       = {AEMO},
  title        = {Media Statement - South Australia},
  date         = {2016-12-01},
  journal      = {Australian Energy Market Operator},
  url          = {https://www.aemo.com.au/Media-Centre/Media-statement---South-Australia},
}

@TechReport{AEMO2017SABlackoutFinal,
  author       = {AEMO},
  title        = {Black System South Australia 28 September 2016, Final Report, March 2017},
  year         = {2017},
  institution  = {Australian Energy Market Operator},
  url          = {https://www.aemo.com.au/-/media/Files/Electricity/NEM/Market_Notices_and_Events/Power_System_Incident_Reports/2017/Integrated-Final-Report-SA-Black-System-28-September-2016.pdf},
}

@TechReport{AEMO2017FFRSpec,
  author       = {AEMO},
  title        = {Fast Frequency Response Specification},
  year         = {2017},
  institution  = {Australian Energy Market Operator},
  url          = {https://www.aemo.com.au/-/media/Files/Electricity/NEM/Security_and_Reliability/Reports/FFR-Coversheet-2017-03-10a.pdf},
}

@TechReport{AEMO2017MarchEvent,
  author       = {AEMO},
  title        = {Fault at Torrens Island Switchyard and Loss of Multiple Generating Units on 3 March 2017},
  year         = {2017},
  institution  = {Australian Energy Market Operator},
  url          = {https://www.aemo.com.au/-/media/Files/Electricity/NEM/Market_Notices_and_Events/Power_System_Incident_Reports/2017/Report-SA-on-3-March-2017.pdf},
}

@TechReport{AEMO2017FPSSProgress,
  author       = {AEMO},
  title        = {Future Power System Security program, January 2017 progress report},
  year         = {2017},
  institution  = {Australian Energy Market Operator},
  url          = {https://www.aemo.com.au/Electricity/National-Electricity-Market-NEM/Security-and-reliability/FPSSP-Reports-and-Analysis},
}

@TechReport{AEMO2017GasSOO,
  author       = {AEMO},
  title        = {Gas Statement of Opportunities},
  year         = {2017},
  institution  = {Australian Energy Market Operator},
  url          = {https://www.aemo.com.au/Gas/National-planning-and-forecasting/Gas-Statement-of-Opportunities},
}

@TechReport{AEMO2017GenerationInfo,
  author       = {{AEMO}},
  title        = {Generation information, accessed 8 May 2017},
  year         = {2017},
  institution  = {Australian Energy Market Operator},
  url          = {http://www.aemo.com.au/Electricity/National-Electricity-Market-NEM/Planning-and-forecasting/Generation-information},
}

@TechReport{AEMO2017NovEvent,
  author       = {AEMO},
  title        = {Power system not in a secure operating state in South Australia on 13 November 2016},
  year         = {2017},
  institution  = {Australian Energy Market Operator},
  url          = {https://www.aemo.com.au/-/media/Files/Electricity/NEM/Market_Notices_and_Events/Power_System_Incident_Reports/2016/Power-System-Operations-Incident-Report_SA13Nov16.pdf},
}


@TechReport{AEMO2017PriceNotices,
  author       = {AEMO},
  title        = {Pricing Event Reports},
  year         = {2017},
  institution  = {Australian Energy Market Operator},
  url          = {https://www.aemo.com.au/Electricity/National-Electricity-Market-NEM/Market-notices-and-events/Pricing-event-reports},
}

@TechReport{AEMO2017STTMPriceWithdrawals,
  author       = {AEMO},
  title        = {STTM Price and Withdrawals},
  year         = {2017},
  institution  = {Australian Energy Market Operator},
  note         = {Data accessed 7 April 2017},
  url          = {https://www.aemo.com.au/Gas/Short-Term-Trading-Market-STTM/Data},
}

@TechReport{AEMO2017FinkelSubmission,
  author       = {AEMO},
  title        = {Submission to the Independent Review into the Future Security of the National Electricity Market},
  year         = {2017},
  institution  = {Australian Energy Market Operator},
  url          = {http://www.environment.gov.au/energy/national-electricity-market-review/submissions},
}

@TechReport{AEMO2017NSWLoadShed,
  author       = {AEMO},
  title        = {System event report: New South Wales, 10 February 2017},
  year         = {2017},
  institution  = {Australian Energy Market Operator},
  note         = {published 22 February 2017},
  url          = {https://www.aemo.com.au/Electricity/National-Electricity-Market-NEM/Market-notices-and-events/Power-System-Operating-Incident-Reports},
}

@TechReport{AEMO2017SALoadShed,
  author       = {AEMO},
  title        = {System event report: South Australia, 8 February 2017},
  year         = {2017},
  institution  = {Australian Energy Market Operator},
  note         = {published 15 February 2017},
  url          = {https://www.aemo.com.au/Electricity/National-Electricity-Market-NEM/Market-notices-and-events/Power-System-Operating-Incident-Reports},
}

@TechReport{AEMO2017VicPriceWithdrawals,
  author       = {AEMO},
  title        = {Victorian Wholesale Price and Withdrawals},
  year         = {2017},
  institution  = {Australian Energy Market Operator},
  note         = {Data accessed 7 April 2017},
  url          = {https://www.aemo.com.au/Gas/Declared-Wholesale-Gas-Market-DWGM/Data/VIC-Wholesale-Price-and-Withdrawals},
}

@TechReport{AER2015StateofEnergyMarket,
  author       = {AER},
  title        = {State of the energy market 2015},
  year         = {2015},
  institution  = {Australian Energy Regulator},
  url          = {https://www.aer.gov.au/publications/state-of-the-energy-market-reports/state-of-the-energy-market-2015},
}

@TechReport{AER2016MarketActivity,
  author       = {AER},
  title        = {Wholesale Statistics -- Exchange traded contracts},
  year         = {2016},
  institution  = {Australian Energy Regulator},
  note         = {Data current as at 31 December 2016},
  url          = {https://www.aer.gov.au/wholesale-markets/wholesale-statistics/exchange-traded-contracts},
}

@TechReport{AER2016HighPriceTradingIntervals,
  author       = {AER},
  title        = {Wholesale Statistics -- Trading intervals above \$5000/MWh (annual)},
  year         = {2016},
  institution  = {Australian Energy Regulator},
  note         = {Data current as at 31 December 2016},
  url          = {https://www.aer.gov.au/wholesale-markets/wholesale-statistics/trading-intervals-above-5000-mwh-annual},
}

@TechReport{AER2016AncillaryServicesCosts,
  author       = {AER},
  title        = {Wholesale Statistics -- Weekly ancillary services costs},
  year         = {2016},
  institution  = {Australian Energy Regulator},
  note         = {Data current as at 31 December 2016},
  url          = {https://www.aer.gov.au/wholesale-markets/wholesale-statistics/weekly-ancillary-services-costs},
}

@TechReport{AER2016WeeklyVWASpotPrice,
  author       = {AER},
  title        = {Wholesale Statistics -- Weekly volume weighted average spot prices},
  year         = {2016},
  institution  = {Australian Energy Regulator},
  note         = {Data current as at 31 December 2016},
  url          = {https://www.aer.gov.au/wholesale-markets/wholesale-statistics/weekly-volume-weighted-average-spot-prices},
}

@TechReport{AER2017AnnualVWASpotPrice,
  author       = {AER},
  title        = {Wholesale Statistics -- Annual volume weighted average spot prices},
  year         = {2017},
  institution  = {Australian Energy Regulator},
  note         = {Data current as at 31 March 2017},
  url          = {https://www.aer.gov.au/wholesale-markets/wholesale-statistics/annual-volume-weighted-average-spot-prices},
}

@TechReport{AER2017ComparativeBaseFutures,
  author       = {AER},
  title        = {Wholesale Statistics -- Comparative base futures, by region},
  year         = {2017},
  institution  = {Australian Energy Regulator},
  note         = {Data current as at 31 March 2017},
  url          = {https://www.aer.gov.au/wholesale-markets/wholesale-statistics},
}

@TechReport{AER2017QuarterlyVWASpotPrice,
  author       = {AER},
  title        = {Wholesale Statistics -- Quarterly volume weighted average spot prices},
  year         = {2017},
  institution  = {Australian Energy Regulator},
  note         = {Data current as at 31 March 2017},
  url          = {https://www.aer.gov.au/wholesale-markets/wholesale-statistics/quarterly-volume-weighted-average-spot-prices},
}

@TechReport{AER2017GenerationCapacity,
  author       = {AER},
  title        = {Wholesale Statistics -- Registered capacity in regions by fuel source},
  year         = {2017},
  institution  = {Australian Energy Regulator},
  note         = {Data current as at 31 March 2017},
  url          = {https://www.aer.gov.au/wholesale-markets/wholesale-statistics/registered-capacity-in-regions-by-fuel-source},
}

@TechReport{AER2017STTMQuarterly,
  author       = {AER},
  title        = {Wholesale Statistics -- STTM Quarterly Prices},
  year         = {2017},
  institution  = {Australian Energy Regulator},
  note         = {Data current as at 31 March 2017},
  url          = {https://www.aer.gov.au/wholesale-markets/wholesale-statistics/sttm-quarterly-prices},
}

@TechReport{AER2017BaseFuturesSA,
  author       = {AER},
  title        = {Wholesale Statistics -- South Australia daily base contract prices and traded volumes -- Q1},
  year         = {2017},
  institution  = {Australian Energy Regulator},
  note         = {Data current as at 31 March 2017},
  url          = {https://www.aer.gov.au/wholesale-markets/wholesale-statistics/south-australia-daily-base-contract-prices-and-traded-volumes-q1},
}

@TechReport{AER2017VicGasQuarterly,
  author       = {AER},
  title        = {Wholesale Statistics -- Victorian gas market average daily weighted prices by quarter},
  year         = {2017},
  institution  = {Australian Energy Regulator},
  note         = {Data current as at 31 March 2017},
  url          = {https://www.aer.gov.au/wholesale-markets/wholesale-statistics/victorian-gas-market-average-daily-weighted-prices-by-quarter},
}

@TechReport{AER2017WindPenetration,
  author       = {AER},
  title        = {Wholesale Statistics -- Wind output as a percentage of regional output},
  year         = {2017},
  institution  = {Australian Energy Regulator},
  note         = {Data current as at 31 March 2017},
  url          = {https://www.aer.gov.au/wholesale-markets/wholesale-statistics/wind-output-as-a-percentage-of-regional-output},
}

@Article{AGL2016OrderlyClosures,
  author       = {AGL},
  title        = {AGL calls for collaboration to enable orderly energy transition},
  date         = {2016-10-05},
  journal      = {AGL Media Release},
  url          = {https://www.agl.com.au/about-agl/media-centre/article-list/2016/october/agl-calls-for-collaboration-to-enable-orderly-energy-transition},
}



@TechReport{ACCC2017ElectricityInterimReport,
  author       = {ACCC},
  title        = {ACCC Retail Electricity Pricing Inquiry: Preliminary Report},
  year         = {2017},
  institution  = {Australian Competition and Consumer Commission},
  url          = {https://www.accc.gov.au/publications/accc-retail-electricity-pricing-inquiry-preliminary-report},
}

@TechReport{AER2018NEMelectricityconsumption,
  author       = {AER},
  title        = {National Electricity Market electricity consumption},
  year         = {2018},
  institution  = {Australian Energy Regulator},
  url          = {https://www.aer.gov.au/wholesale-markets/wholesale-statistics/national-electricity-market-electricity-consumption},
}

@TechReport{AER2015consumerguide,
  author       = {AER},
  title        = {Consumer guide to Victorian electricity distribution pricing review, 2016–20},
  year         = {2015},
  institution  = {Australian Energy Regulator},
  url          = {https://www.aer.gov.au/news-release/aer-begins-consultation-on-victorian-electricity-distribution-revenue-proposals},
}

@TechReport{AER2014betterregulation,
  author       = {AER},
  title        = {Overview of the Better Regulation reform package},
  year         = {2014},
  institution  = {Australian Energy Regulator},
  url          = {https://www.aer.gov.au/networks-pipelines/better-regulation},
}

@TechReport{AER2013capexincentives,
  author       = {AER},
  title        = {Capital Expenditure Incentive Guideline for Electricity Network Service Providers},
  year         = {2013},
  institution  = {Australian Energy Regulator},
  url          = {https://www.aer.gov.au/networks-pipelines/guidelines-schemes-models-reviews/expenditure-incentives-guideline-2013},
}

@TechReport{AER2007stateenergymarket,
  author       = {AER},
  title        = {State of the energy market 2007},
  year         = {2007},
  institution  = {Australian Energy Regulator},
  url          = {https://www.aer.gov.au/publications/state-of-the-energy-market-reports/state-of-the-energy-market-2007},
}

@TechReport{IPART2006statementofreasons,
  author       = {IPART},
  title        = {Statement of reasons for decision: NSW Electricity Distribution Network Service Providers -- Applications for a cost pass through},
  year         = {2006},
  institution  = {Independent Pricing and Regulatory Tribunal of New South Wales},
  url          = {https://www.ipart.nsw.gov.au/Home/Industries/Energy/Reviews/Electricity/NSW-Electricity-Distribution-Network-Service-Providers-Applications-for-a-cost-pass-through?qDh=2},
}

@TechReport{IPART1999PricingVolOne,
  author       = {IPART},
  title        = {Pricing for Electricity Networks and Retail Supply},
  year         = {1999},
  institution  = {Independent Pricing and Regulatory Tribunal of New South Wales},
  url          = {https://www.ipart.nsw.gov.au/files/sharedassets/website/trimholdingbay/pricing_for_electricity_networks_and_retail_supply_-_volume_1_-_june_1999.pdf},
}


@TechReport{Bellas2014IRPonnetworkcosts,
  author       = {Tony Bellas and Matt Rennie and Alec Faulkner},
  title        = {Independent Review Panel on network costs},
  year         = {2014},
  institution  = {Queensland Government},
  url          = {http://www.parliament.qld.gov.au/Documents/TableOffice/TabledPapers/2014/5414T5363.pdf},
}


@TechReport{AEMC2012EconomicRegulationNetwork,
  author       = {AEMC},
  title        = {National Electricity Amendment (Economic Regulation of Network Service Providers) Rule 2012},
  year         = {2012},
  institution  = {Australian Energy Market Commission},
  url          = {https://www.aemc.gov.au/Rule-Changes/Economic-Regulation-of-Network-Service-Providers},
}

@TechReport{AEMC2012ReviewReliabilityOutcomesStandards,
  author       = {AEMC},
  title        = {Review of Distribution Reliability Outcomes and Standards},
  year         = {2012},
  institution  = {Australian Energy Market Commission},
  url          = {https://www.aemc.gov.au/Markets-Reviews-Advice/Review-of-distribution-reliability-outcomes-and-st},
}

@TechReport{AbbottTanKantor2014AssetValuation,
  author       = {Malcolm Abbott and Angela Tan-Kantor},
  title        = {Asset valuation of government business enterprises: a re-evaluation of pricing issues},
  year         = {2014},
  institution  = {Swinburne University of Technology},
  url          = {https://www.cpaaustralia.com.au/~/media/corporate/allfiles/document/professional-resources/education/asset-valuation-government-business-enterprises.pdf?la=en},
}


@TechReport{Sathaye2012CaliforniaRisktoEnergyInfrastructure,
  author = {Jayant Sathaye},
  title = {Estimating risk to California energy infrastructure from projected climate change},
  year = {2012},
  institution = {Lawrence Berkeley National Laboratory, prepared for California Energy Commission},
  url = {http://www.energy.ca.gov/2012publications/CEC-500-2012-057/CEC-500-2012-057.pdf},
}

@Article{simshauser2012energy,
  title = {The Energy Market Death Spiral-Rethinking Customer Hardship},
  author = {Simshauser, Paul and Nelson, Tim},
  journal = {AGL Applied Economic and Policy Research},
  number = {31},
  year = {2012},
}

@Article{simshauser2017monopoly,
  title = {Monopoly regulation, discontinuity \& stranded assets},
  author = {Paul Simshauser},
  journal = {Energy Economics},
  volume = {66},
  pages = {384--398},
  year = {2017},
}

@Article{Johnstone2003DORC,
  title = {Replacement cost asset valuation and regulation of energy infrastructure tariffs},
  author = {David Johnstone},
  journal = {Abacus},
  volume = {39},
  number = {1},
  pages = {1--41},
  year = {2003},
}


@TechReport{SAEconomics1998AssetValuation,
  author       = {{SA Centre for Economic Studies}},
  title        = {Energy Network Asset Valuation: Impact on Users},
  year         = {1998},
  institution  = {The South Australian Centre for Economic Studies},
}

@TechReport{Somerville2004EDSDreview,
  author       = {Darryl Somerville and Steve Blanch and Jack Camp},
  title        = {Electricity Distribution and Service Delivery review},
  year         = {2004},
  institution  = {Commissioned by the Queensland Government},
  url          = {http://statements.qld.gov.au/Statement/Id/36920},
}

@TechReport{VicGovt1995GazetteElectricity,
  author       = {{Victorian Government}},
  title        = {Victorian Electricity Supply Industry Tariff Order},
  year         = {1995},
  institution  = {Victoria Government Gazette, 30 June 1995},
  url          = {http://gazette.slv.vic.gov.au/images/1995/V/P/4.pdf},
}



@TechReport{QCA2013ReliabilityStandardsReview,
  author       = {QCA},
  title        = {Review of Minimum Service Standards and Guaranteed Service Levels to Apply in Queensland from 1 July 2015, discussion paper},
  year         = {2013},
  institution  = {Queensland Competition Authority},
  url          = {http://www.qca.org.au/Electricity/Industry/Review-of-Minimum-Service-Standards/Archive/2015-Review-of-MSS-and-GSL},
}

@TechReport{AER2009NSWDistributionFinalDetermination,
  author       = {AER},
  title        = {New South Wales distribution determination 2009–10 to 2013–14},
  year         = {2009},
  institution  = {Australian Energy Regulator},
  url          = {https://www.aer.gov.au/networks-pipelines/determinations-access-arrangements/ausgrid-energyaustralia-determination-2009-14},
}

@TechReport{AER2010VICDistributionFinalDetermination,
  author       = {AER},
  title        = {Victorian electricity distribution network service providers determination 2011–2015},
  year         = {2010},
  institution  = {Australian Energy Regulator},
  url          = {https://www.aer.gov.au/networks-pipelines/determinations-access-arrangements/jemena-determination-2011-15},
}


@TechReport{ParsonsBrinckerhoff2012OverspendReview,
  author       = {{Parsons Brinckerhoff}},
  title        = {Report on capital expenditure overspends by electricity network service providers},
  year         = {2012},
  institution  = {Parsons Brinckerhoff},
  url          = {https://www.aemc.gov.au/Rule-Changes/Economic-Regulation-of-Network-Service-Providers},
}

@TechReport{AER2017DNSPperformanceindicators,
  author       = {{AER}},
  title        = {Annual Benchmarking Report 2017: Distribution partial performance indicators},
  year         = {2017},
  institution  = {Australian Energy Regulator},
  url          = {https://www.aer.gov.au/networks-pipelines/guidelines-schemes-models-reviews/annual-benchmarking-report-2017/initiation},
}

@TechReport{AER2017TNSPperformanceindicators,
  author       = {{AER}},
  title        = {Annual Benchmarking Report 2017: Transmission partial performance indicators},
  year         = {2017},
  institution  = {Australian Energy Regulator},
  url          = {https://www.aer.gov.au/networks-pipelines/guidelines-schemes-models-reviews/annual-benchmarking-report-2017/initiation},
}

@TechReport{AER2017BenchmarkingReport,
  author       = {{AER}},
  title        = {Annual Benchmarking Report 2017},
  year         = {2017},
  institution  = {Australian Energy Regulator},
  url          = {https://www.aer.gov.au/networks-pipelines/guidelines-schemes-models-reviews/annual-benchmarking-report-2017},
}


@TechReport{AER2018PTRMmodels,
  author       = {{AER}},
  title        = {Post-tax revenue models by network, current determination},
  year         = {2018},
  institution  = {Australian Energy Regulator},
  note        = {Latest model available as at January 2018},
  url          = {https://www.aer.gov.au/networks-pipelines/determinations-access-arrangements},
}

@TechReport{IPART2016ReliabilityStandardsReview,
  author       = {IPART},
  title        = {Electricity transmission reliability standards: An economic assessment (Final Report)},
  year         = {2016},
  institution  = {Independent Pricing and Regulatory Tribunal},
  url          = {https://www.ipart.nsw.gov.au/Home/Industries/Energy/Reviews/Electricity/Electricity-Transmission-Reliability-Standards},
}

@TechReport{BrattleGroup2012SettingReliabilityStandards,
  author       = {Serena Hesmondhalgh and William Zarakas and Toby Brown},
  title        = {Approaches to setting electric distribution reliability standards and outcomes},
  year         = {2012},
  institution  = {The Brattle Group},
  url          = {http://www.brattle.com/news-and-knowledge/publications/approaches-to-setting-electric-distribution-reliability-standards-and-outcomes},
}


@TechReport{Johnstone2001DORC,
  author       = {David Johnstone},
  title        = {Asset Valuation and Regulation of Energy Infrastructure Tariffs in Australia: The Use and Deficiencies of DORC},
  year         = {2001},
  institution  = {University of Wollongong},
  url          = {http://www.esc.vic.gov.au/wp-content/uploads/archives/23682/537_SubGasPP_JohnstonUniWollongong.pdf},
}

@TechReport{Parliament2015PerformanceManagementNetwork,
  author       = {{Commonwealth of Australia}},
  title        = {Performance and management of electricity network companies - interim report of the Environment and Communications References Committee},
  year         = {2015},
  institution  = {Commonwealth of Australia},
  url          = {https://www.aph.gov.au/Parliamentary_Business/Committees/Senate/Environment_and_Communications/Electricity_and_AER/Interim_Report},
}

@TechReport{Derum2014NecessityandComplexity,
  author       = {Oliver Derum},
  title        = {Necessity and complexity: Submission to the Senate Environment and Communications References Committee Inquiry into the performance and management of electricity network businesses},
  year         = {2014},
  institution  = {Public Interest Advocacy Centre Ltd},
  url          = {https://www.piac.asn.au/wp-content/uploads/14.12.18_necessity_and_complexity_-_submission_to_the_senate_inquiry_into_network_regulation.pdf},
}

@Article{AFR2017NSWsellsEndeavour,
  author       = {Angela Macdonald-Smith and Sarah Thompson and Geoff Winestock},
  title        = {NSW sells Endeavour Energy stake to Macquarie Group-led consortium},
  date         = {2017-05-11},
  journal      = {Australian Financial Review},
  url          = {http://www.afr.com/business/energy/electricity/nsw-sells-endeavour-energy-stake-to-macquarie-groupled-consortium-20170510-gw25t7},
  }
  
@TechReport{Crawford2014WrittendownValue,
author       = {Garth Crawford},
title        = {Written-down value? Assessing proposals for electricity network write-downs},
year         = {2014},
institution  = {Energy Networks Association},
url          = {http://www.energynetworks.com.au/sites/default/files/written-down_value_august_2014.pdf},
}

@TechReport{DNRMEAffordableEnergyPlan,
author       = {DNRME},
title        = {Affordable Energy Plan: making electricity more affordable},
year         = {2018},
institution  = {Department of Natural Resources, Mines and Energy, Queensland Government},
url          = {https://www.dews.qld.gov.au/electricity/affordable-energy-plan},
}


@Article{ABC2016ResidentsAdelaideBatteries,
  author       = {Lauren Waldhuter},
  title        = {Residents in Adelaide suburb invited to mass trial of new power-storage batteries},
  date         = {2016-05-19},
  journal      = {Australian Broadcasting Corporation},
  url          = {http://www.abc.net.au/news/2016-05-19/subsidised-power-storage-batteries-in-adelaide-trial/7426634},
  }
  
@TechReport{Parer2002TowardsEfficientEnergyMarket,
author       = {Warwick Parer and Paul Breslin and Rod Sims and David Agostini},
title        = {Towards a truly national and efficient energy market},
year         = {2002},
institution  = {Commonwealth of Australia},
url          = {http://www.efa.com.au/Library/ParerFinRpt.pdf},
}

@TechReport{WoodBlowers-2017-Price-shock,
  author       = {Tony Wood and David Blowers and Greg Moran},
  title        = {Price shock: Is the retail electricity market failing consumers?},
  date         = {2017-03-13},
  institution  = {Grattan Institute},
  number       = {Report No. 2017-04},
  url          = {https://grattan.edu.au/report/price-shock/},
}

@TechReport{PC2013ElectricityInquiry,
  author       = {{Productivity Commission}},
  title        = {Electricity Network Regulatory Frameworks -- Inquiry report},
  year         = {2013},
  institution  = {Productivity Commission},
  url          = {http://www.pc.gov.au/inquiries/completed/electricity/report},
}

@TechReport{BOM2016StateOfClimate,
  author       = {{BOM and CSIRO}},
  title        = {State of the Climate 2016},
  year         = {2016},
  institution  = {Bureau of Meteorology and CSIRO},
  url          = {http://www.bom.gov.au/state-of-the-climate/},
}

@TechReport{Helm2017CostofEnergyReview,
  author       = {Dieter Helm},
  title        = {Cost of Energy Review},
  year         = {2017},
  institution  = {Department for Business, Energy \& Industrial Strategy, UK Government},
  url          = {https://www.gov.uk/government/uploads/system/uploads/attachment_data/file/654902/Cost_of_Energy_Review.pdf},
}

@Article{Green2015Yackandandah,
  author       = {Michael Green},
  title        = {Yackandandah shines off the grid},
  date         = {2015-06-06},
  journal      = {The Border Mail},
  url          = {http://www.bordermail.com.au/story/3129497/yackandandah-shines-off-the-grid/},
}

@TechReport{AEMC2018NationalElectricityRules,
  author       = {AEMC},
  title        = {National Electricity Rules, v.83},
  year         = {2018},
  institution  = {Australian Energy Market Commission},
  url          = {https://www.aemc.gov.au/regulation/energy-rules/national-electricity-rules/National-Electricity-Rules-Version-83},
}

@TechReport{Mountain2017PhD,
  author       = {Bruce Mountain},
  title        = {Ownership-invariant Regulation of Electricity Distributors in Australia: A Failed Experiment},
  year         = {2017},
  institution  = {Victoria University, doctoral thesis},
}

@Article{Mountain2018NetworkArticleInPress,
  author       = {Bruce Mountain},
  title        = {The regulation of government owned electricity distributors in Australia},
  year         = {2018},
  journal      = {Journal of Regulatory Economics, in press},
}


@TechReport{AEMC2018NationalElectricityObjective,
  author       = {AEMC},
  title        = {The National Electricity Objective (NEO)},
  year         = {2018},
  institution  = {Australian Energy Market Commission},
  url          = {https://www.aemc.gov.au/regulation/national-energy-objectives},
}

@TechReport{AER2017StateOfEnergyMarket,
  author       = {{AER}},
  title        = {State of the energy market},
  date         = {2017-05-01},
  institution  = {Australian Energy Regulator},
  url          = {https://www.aer.gov.au/publications/state-of-the-energy-market-reports},
}

@TechReport{AEMO2014ValueOfCustomerReliability,
  author       = {AEMO},
  title        = {Value of Customer Reliability Review},
  year         = {2014},
  institution  = {Australian Energy Market Operator},
  url          = {https://www.aemo.com.au/-/media/Files/PDF/VCR-final-report--PDF-update-27-Nov-14.pdf},
}

@TechReport{EssentialEnergyProposal2019-2024,
  author       = {{Essential Energy}},
  title        = {Empowering communities to share and use energy for a better tomorrow: draft 2019-24 Regulatory Proposal},
  year         = {2018},
  institution  = {Essential Energy},
  url          = {http://www.woolcott.com.au/EssentialEnergy/},
}

@Article{AFR2016AusgridPrice,
  author       = {Sarah Thompson and Anthony Macdonald and Joyce Moullakis},
  title        = {Ausgrid price explained; 1.41-times RAB},
  date         = {2016-10-20},
  journal      = {Australian Financial Review},
  url          = {http://www.afr.com/street-talk/ausgrid-price-explained-141times-rab-20161020-gs6pah},
  }

@TechReport{Morgans2017UtilitiesSales,
  author       = {{Morgans Research}},
  title        = {EV/RAB multiples implied by Australian regulated infrastructure M\&A transactions},
  year         = {2017},
  institution  = {Morgans Research},
  url          = {https://my.morgans.com.au/research/E138E855-1371-4CBA-A1BE-62281313D873.pdf?u=9b6e4620-b777-4faa-824c-18d547e2ca31},
}

@Article{ENA2017AbolishingAcronyms,
  author       = {Irina Umback},
  title        = {Abolishing acronyms: a TOTEX approach},
  date         = {2017-11-30},
  journal      = {Energy Networks Australia},
  url          = {http://www.energynetworks.com.au/news/energy-insider/abolishing-acronyms-totex-approach},
  }
  
@Article{UtilityWeek2015Totex,
  author       = {Mathew Beech},
  title        = {The Topic: totex},
  date         = {2015-12-11},
  journal      = {Utility Week},
  url          = {https://utilityweek.co.uk/the-topic-totex/},
  } 
  
@TechReport{CME2015StrandedAssets,
  author       = {{CME}},
  title        = {Write-downs to address the stranded assets of electricity networks in the National Electricity Market: evidence and argument},
  year         = {2015},
  institution  = {Carbon + Energy Markets},
  url          = {https://www.comcom.govt.nz/dmsdocument/13630},
}

@TechReport{Minifie2017Competition,
  author       = {Jim Minifie and Cameron Chisholm and Lucy Percival},
  title        = {Competition in Australia: Too little of a good thing?},
  year         = {2017},
  institution  = {Grattan Institute},
  url          = {https://grattan.edu.au/wp-content/uploads/2017/12/895-Competition-in-Australia-Too-little-of-a-good-thing-.pdf},
}

@TechReport{AER2017ProfitabilityMeasures,
  author       = {AER},
  title        = {AER discussion paper: Profitability measures for regulated gas and electricity network business},
  year         = {2017},
  institution  = {Australian Energy Regulator},
  url          = {https://www.aer.gov.au/networks-pipelines/guidelines-schemes-models-reviews/profitability-measures-for-regulated-electricity-and-gas-network-businesses},
}

@TechReport{AEMC2006RABOptimisationRule,
  author       = {AEMC},
  title        = {Rule Change: Economic Regulation of Transmission Services},
  year         = {2006},
  institution  = {Australian Energy Market Commission},
  url          = {https://www.aemc.gov.au/Rule-Changes/Economic-Regulation-of-Transmission-Services},
}

@TechReport{AEMC2017OffGridAlternatives,
  author       = {AEMC},
  title        = {Alternatives to grid-supplied network services},
  year         = {2017},
  institution  = {Australian Energy Market Commission},
  url          = {https://www.aemc.gov.au/rule-changes/alternatives-to-grid-supplied-network-services},
}


@InProceedings{Price2018FebSpeechOnNetworks,
  author       = {Danny Price},
  title        = {Future of energy in Australia},
  date         = {2018-02-06},
  booktitle        = {AARES Symposium},
  url          = {http://www.frontier-economics.com.au/documents/2018/02/danny-price-speech-aares-symposium-6-feb-2018.pdf},
}

@Article{ABC2017QueenslandLNPWriteDown,
  author       = {Chris O'Brien},
  title        = {Queensland election: LNP pledges power bill savings of \$160, scraps renewable energy subsidies},
  date         = {2017-11-05},
  journal      = {Australian Broadcasting Corporation},
  url          = {http://www.abc.net.au/news/2017-11-05/lnp-power-prices-election-promise-cost-of-living/9119994},
  }

@TechReport{CCP2016PowerlinkQueensland,
  author       = {Hugh Grant and David Headberry},
  title        = {Submission to the	AER: Powerlink Queensland 2018-22 Revenue Proposal},
  year         = {2016},
  institution  = {AER Consumer Challenge Panel},
  url          = {https://www.aer.gov.au/about-us/consumer-challenge-panel/past-statements-and-advice#subpanel-4},
}

@TechReport{PIAC2014MovingParadigm,
  author       = {Bev Hughson and Oliver Derum and Dr Gabrielle Kuiper},
  title        = {Moving to a new paradigm: submission to the Australian Energy Regulator's NSW electricity distribution network price determination},
  year         = {2014},
  institution  = {Public Interest Advocacy Centre Ltd},
  url          = {https://www.piac.asn.au/2014/08/20/newparadigm/},
}


@TechReport{Frydenberg2017RuleChangeProposalVCR,
  author       = {Josh Frydenberg},
  title        = {Non-controversial rule change proposal: making the AER responsible for values of customer reliability},
  year         = {2017},
  institution  = {Chair of the COAG Energy Council},
  note         = {Letter, 21 December 2017},
  url          = {https://www.aemc.gov.au/sites/default/files/content/923dca68-8806-4bcd-b811-0d3ef371c658/Rule-change-request.pdf},
}

@TechReport{AER2017RoRGuidlinesReview,
  author       = {AER},
  title        = {Review of the rate of return guidelines: Issues paper},
  year         = {2017},
  institution  = {Australian Energy Regulator},
  url          = {https://www.aer.gov.au/networks-pipelines/guidelines-schemes-models-reviews/review-of-rate-of-return-guideline},
}

@TechReport{Frydenberg2017LMRAbolition,
  author       = {Josh Frydenberg},
  title        = {Abolition of LMR to reduce pressure on energy prices},
  year         = {2017},
  institution  = {Department of the Environment and Energy, Australian Government},
  url          = {http://www.environment.gov.au/minister/frydenberg/media-releases/mr20170810a.html},
}

@TechReport{CME2017VicTariffUptake,
  author       = {{CME}},
  title        = {The retail electricity market for households and small businesses in Victoria: Analysis of offers and bills},
  year         = {2017},
  institution  = {Carbon + Energy Markets},
  url          = {https://www.energy.vic.gov.au/__data/assets/pdf_file/0030/79158/CME-electricity-analysis-of-offers-and-bills-July-2017.pdf},
}

@TechReport{COAG2017RITTReview,
  author       = {{COAG Energy Council}},
  title        = {Review of the Regulatory Investment Test for Transmission (RIT-T)},
  year         = {2017},
  institution  = {COAG Energy Council, 6 February 2017},
  url          = {http://www.coagenergycouncil.gov.au/publications/review-regulatory-investment-test-transmission-rit-t},
}

@TechReport{Finkel2017FinkelReview,
  author       = {Alan Finkel and Karen Moses and Chloe Munro and Terry Effeney and Mary O’Kane},
  title        = {Independent review into the future security of the National Electricity Market: Blueprint for the future},
  year         = {2017},
  institution  = {Report to the COAG Energy Council, 6 February 2017},
  url          = {https://www.energy.gov.au/government-priorities/energy-markets/independent-review-future-security-national-electricity-market},
}

@TechReport{AEMO2017IntegratedSystemPlanConsultation,
  author       = {AEMO},
  title        = {Integrated System Plan Consultation},
  year         = {2017},
  institution  = {Australian Energy Market Operator},
  url          = {https://www.aemo.com.au/-/media/Files/Electricity/NEM/Planning_and_Forecasting/ISP/2017/Integrated-System-Plan-Consultation.pdf},
}


@TechReport{AER2009UpdateToNSWDeterminationPostLMR,
  author       = {AER},
  title        = {AER statement on updates for NSW DNSPs distribution determination},
  year         = {2009},
  institution  = {Australian Energy Regulator},
  url          = {https://www.aer.gov.au/networks-pipelines/determinations-access-arrangements/ausgrid-energyaustralia-determination-2009-14/appeal#step-2856},
}

@TechReport{Pierce2012TasElectricitySupplyReview,
  author       = {John Pierce and John Tamblyn and Jerome Fahrer},
  title        = {An Independent Review of the Tasmanian Electricity Supply Industry, Final Report, Volume I},
  year         = {2012},
  institution  = {Electricity Supply Industry Expert Panel},
  url          = {http://www.electricity.dpac.tas.gov.au/final_report},
}


@TechReport{AER2018NetworkPerformanceRINResponses,
  author       = {AER},
  title        = {Network performance -- RIN responses by network},
  year         = {2018},
  institution  = {Australian Energy Regulator},
  url          = {https://www.aer.gov.au/networks-pipelines/network-performance},
}

@TechReport{InfrastructureNSW2017RestartNSW,
  author       = {{Infrastructure NSW}},
  title        = {Restart NSW},
  year         = {2017},
  institution  = {Infrastructure NSW},
  url          = {http://www.insw.com/restart-nsw/},
}

@Article{Maley2004SydneyBlackouts,
  author       = {Jacqueline Maley},
  title        = {Cable mishaps blamed for latest electricity blackouts},
  date         = {2004-10-27},
  journal      = {Sydney Morning Herald},
  url          = {https://www.smh.com.au/articles/2004/10/26/1098667764031.html},
}

@TechReport{AEMC2017CoordinateTransmissionGenerationInvestment,
  author       = {AEMC},
  title        = {Approach paper: Coordination of generation and transmission investment},
  year         = {2017},
  institution  = {Australian Energy Market Commission},
  url          = {https://www.aemc.gov.au/markets-reviews-advice/reporting-on-drivers-of-change-that-impact-transmi},
}

@TechReport{AER2018NetworkDeterminations,
  author       = {AER},
  title        = {Determinations \& Access Arrangements},
  year         = {2018},
  institution  = {Australian Energy Regulator},
  note         = {Accessed between December 2017 and February 2018, final determinations (current and historic) by network},
  url          = {https://www.aer.gov.au/networks-pipelines/determinations-access-arrangements},
}

@book{sartor2011fog,
  title = {The Fog on the Hill: How NSW Labor Lost Its Way},
  author = {Sartor, Frank},
  year = {2011},
  publisher = {Melbourne University Publishing},
}


@TechReport{EUAA2017SubmissionToAERReviewROR,
  author       = {EUAA},
  title        = {EUAA submission to AER Rate of Return Review Issues Paper, October 2017},
  year         = {2017},
  institution  = {Energy Users Association of Australia},
  url          = {https://www.aer.gov.au/networks-pipelines/guidelines-schemes-models-reviews/review-of-rate-of-return-guideline/initiation},
}

@TechReport{AEMC2018NetworkFrameworkReview,
  author       = {AEMC},
  title        = {Electricity network economic regulatory framework review 2018},
  year         = {2018},
  institution  = {Australian Energy Market Commission},
  url          = {https://www.aemc.gov.au/markets-reviews-advice/electricity-network-economic-regulatory-framew-1},
}

@Misc{Hilmer-1993-Review-Natl-Competition,
  author       = {Frederick Hilmer and Mark Rayner and Geoffrey Taperell},
  title        = {National Competition Policy Review},
  year         = {1993},
  url          = {https://www.australiancompetitionlaw.org/reports/1993hilmer.html},
  note         = {Report to Heads of Australian Governments},
}

@TechReport{Tas2011PriceTrends,
  author       = {{Electricity Supply Industry Expert Panel}},
  title        = {Tasmanian Electricity Pricing Trends 2000-2011},
  year         = {2011},
  institution  = {Discussion paper},
  url          = {http://www.electricity.dpac.tas.gov.au/__data/assets/pdf_file/0018/141804/Tasmanian_Electricity_Pricing_Trends.pdf},
}

@misc{AEMC2013PriceTrends,
  author      = {AEMC},
  title       = {Electricity Price Trends Final Report: Possible future retail electricity price movements: 1 July 2012 to 30 June 2015},
  year        = {2013},
  note        = {22 March},
  url         = {https://www.aemc.gov.au/sites/default/files/content/754e4a5e-4a71-4ec7-bd1e-45a2a9dda447/ELECTRICITY-PRICE-TRENDS-FINAL-REPORT.PDF},
}


@TechReport{Tas2011EnergySectorOverview,
  author       = {{Electricity Supply Industry Expert Panel}},
  title        = {Tasmania’s Energy Sector -- an Overview},
  year         = {2011},
  institution  = {Discussion paper},
  url          = {http://www.dpac.tas.gov.au/__data/assets/pdf_file/0017/141803/Tasmania_s_Energy_Sector_-_an_Overview.PDF},
}

@TechReport{Tas2016EnergyInTas201415,
  author       = {{OTTER}},
  title        = {Energy in Tasmania Performance Report 2014-15},
  year         = {2016},
  institution  = {Office of the Tasmanian Economic Regulator},
  url          = {http://www.economicregulator.tas.gov.au/electricity/reports/performance-reporting/performance-reports},
}


@Article{Hempling2015StrandedCosts,
  author       = {Scott Hempling},
  title        = {From Streetcars to Solar Panels: Stranded Cost Policy in the United States},
  date         = {2015-09-01},
  journal      = {Energy Regulation Quarterly},
  url          = {http://www.energyregulationquarterly.ca/articles/from-streetcars-to-solar-panels-stranded-cost-policy-in-the-united-states#sthash.CmFxn0Yc.dpbs},
}